\bibliographystyle{./IEEEtran}
\bibliography{./IEEEabrv,./IEEEexample}

@article{renaudin2010complete,
  title={Complete triaxis magnetometer calibration in the magnetic domain},
  author={Renaudin, Val{\'e}rie and Afzal, Muhammad Haris and Lachapelle, G{\'e}rard},
  journal={Journal of sensors},
  volume={2010},
  year={2010},
  publisher={Hindawi Publishing Corporation}
}

@misc{vuzix,
  title = {{STAR-1200XLD}},
  year = {27.03.2014},
  howpublished = "\url{http://www.vuzix.com/wp-content/uploads/augmented-reality/_images/1200xld/STAR-1200XLD_w-controller.png}"
}

@misc{ros,
  title = {{ROS}},
  year = {27.03.2014},
  howpublished = "\url{http://www.ros.org/}"
}
